[gd_scene load_steps=9 format=3 uid="uid://cxl0wgfdbb64l"]

[ext_resource type="Script" path="res://Scenes/UI/HintDisplay/HintDisplay.cs" id="1_04oub"]
[ext_resource type="Shader" path="res://Scenes/UI/BlurMaterial.gdshader" id="2_xrp78"]
[ext_resource type="Texture2D" uid="uid://b50dh4r5fv48f" path="res://Assets/Icons/Stats/info.svg" id="3_57iuq"]

[sub_resource type="ShaderMaterial" id="ShaderMaterial_28xxp"]
shader = ExtResource("2_xrp78")
shader_parameter/strength = 0.0

[sub_resource type="StyleBoxFlat" id="StyleBoxFlat_slusa"]
bg_color = Color(0.215686, 0.215686, 0.215686, 0.392157)
corner_radius_top_left = 10
corner_radius_top_right = 10
corner_radius_bottom_right = 10
corner_radius_bottom_left = 10

[sub_resource type="Animation" id="Animation_xcdky"]
resource_name = "Hide"
length = 0.5
tracks/0/type = "value"
tracks/0/imported = false
tracks/0/enabled = true
tracks/0/path = NodePath("Origin/Panel:scale")
tracks/0/interp = 1
tracks/0/loop_wrap = true
tracks/0/keys = {
"times": PackedFloat32Array(0, 0.2),
"transitions": PackedFloat32Array(1, 1),
"update": 0,
"values": [Vector2(1, 1), Vector2(0.9, 0.9)]
}
tracks/1/type = "value"
tracks/1/imported = false
tracks/1/enabled = true
tracks/1/path = NodePath("Origin/Panel:modulate")
tracks/1/interp = 1
tracks/1/loop_wrap = true
tracks/1/keys = {
"times": PackedFloat32Array(0, 0.5),
"transitions": PackedFloat32Array(1, 1),
"update": 0,
"values": [Color(1, 1, 1, 1), Color(1, 1, 1, 0)]
}
tracks/2/type = "value"
tracks/2/imported = false
tracks/2/enabled = true
tracks/2/path = NodePath(".:visible")
tracks/2/interp = 1
tracks/2/loop_wrap = true
tracks/2/keys = {
"times": PackedFloat32Array(0, 0.5),
"transitions": PackedFloat32Array(1, 1),
"update": 1,
"values": [true, false]
}
tracks/3/type = "value"
tracks/3/imported = false
tracks/3/enabled = true
tracks/3/path = NodePath(".:Active")
tracks/3/interp = 1
tracks/3/loop_wrap = true
tracks/3/keys = {
"times": PackedFloat32Array(0),
"transitions": PackedFloat32Array(1),
"update": 1,
"values": [false]
}
tracks/4/type = "value"
tracks/4/imported = false
tracks/4/enabled = true
tracks/4/path = NodePath("Origin/BlurBackground:scale")
tracks/4/interp = 1
tracks/4/loop_wrap = true
tracks/4/keys = {
"times": PackedFloat32Array(0, 0.2),
"transitions": PackedFloat32Array(1, 1),
"update": 0,
"values": [Vector2(1, 1), Vector2(0.9, 0.9)]
}
tracks/5/type = "value"
tracks/5/imported = false
tracks/5/enabled = true
tracks/5/path = NodePath("Origin/BlurBackground:material:shader_parameter/strength")
tracks/5/interp = 1
tracks/5/loop_wrap = true
tracks/5/keys = {
"times": PackedFloat32Array(0, 0.2),
"transitions": PackedFloat32Array(1, 1),
"update": 0,
"values": [2.0, 0.0]
}

[sub_resource type="Animation" id="Animation_5ge5y"]
resource_name = "Show"
length = 1.4
tracks/0/type = "value"
tracks/0/imported = false
tracks/0/enabled = true
tracks/0/path = NodePath("Origin/Panel:position")
tracks/0/interp = 1
tracks/0/loop_wrap = true
tracks/0/keys = {
"times": PackedFloat32Array(0, 0.6),
"transitions": PackedFloat32Array(0.5, 1),
"update": 0,
"values": [Vector2(0, -32), Vector2(0, 0)]
}
tracks/1/type = "value"
tracks/1/imported = false
tracks/1/enabled = true
tracks/1/path = NodePath("Origin/Panel:modulate")
tracks/1/interp = 1
tracks/1/loop_wrap = true
tracks/1/keys = {
"times": PackedFloat32Array(0, 0.6),
"transitions": PackedFloat32Array(0.5, 1),
"update": 0,
"values": [Color(1, 1, 1, 0), Color(1, 1, 1, 1)]
}
tracks/2/type = "value"
tracks/2/imported = false
tracks/2/enabled = true
tracks/2/path = NodePath("Origin/Panel/TextureRect:rotation")
tracks/2/interp = 1
tracks/2/loop_wrap = true
tracks/2/keys = {
"times": PackedFloat32Array(0.4, 0.6, 0.8, 1, 1.2),
"transitions": PackedFloat32Array(0.5, 2, 0.5, 2, 1),
"update": 0,
"values": [0.0, -0.349066, 0.0, 0.349066, 0.0]
}
tracks/3/type = "value"
tracks/3/imported = false
tracks/3/enabled = true
tracks/3/path = NodePath("Origin/Panel:scale")
tracks/3/interp = 1
tracks/3/loop_wrap = true
tracks/3/keys = {
"times": PackedFloat32Array(0),
"transitions": PackedFloat32Array(1),
"update": 0,
"values": [Vector2(1, 1)]
}
tracks/4/type = "value"
tracks/4/imported = false
tracks/4/enabled = true
tracks/4/path = NodePath(".:visible")
tracks/4/interp = 1
tracks/4/loop_wrap = true
tracks/4/keys = {
"times": PackedFloat32Array(0),
"transitions": PackedFloat32Array(1),
"update": 1,
"values": [true]
}
tracks/5/type = "value"
tracks/5/imported = false
tracks/5/enabled = true
tracks/5/path = NodePath(".:Active")
tracks/5/interp = 1
tracks/5/loop_wrap = true
tracks/5/keys = {
"times": PackedFloat32Array(0),
"transitions": PackedFloat32Array(1),
"update": 1,
"values": [true]
}
tracks/6/type = "value"
tracks/6/imported = false
tracks/6/enabled = true
tracks/6/path = NodePath("Origin/BlurBackground:position")
tracks/6/interp = 1
tracks/6/loop_wrap = true
tracks/6/keys = {
"times": PackedFloat32Array(0, 0.6),
"transitions": PackedFloat32Array(0.5, 1),
"update": 0,
"values": [Vector2(0, -32), Vector2(0, 0)]
}
tracks/7/type = "value"
tracks/7/imported = false
tracks/7/enabled = true
tracks/7/path = NodePath("Origin/BlurBackground:material:shader_parameter/strength")
tracks/7/interp = 1
tracks/7/loop_wrap = true
tracks/7/keys = {
"times": PackedFloat32Array(0),
"transitions": PackedFloat32Array(1),
"update": 0,
"values": [2.0]
}
tracks/8/type = "value"
tracks/8/imported = false
tracks/8/enabled = true
tracks/8/path = NodePath("Origin/BlurBackground:scale")
tracks/8/interp = 1
tracks/8/loop_wrap = true
tracks/8/keys = {
"times": PackedFloat32Array(0),
"transitions": PackedFloat32Array(1),
"update": 0,
"values": [Vector2(1, 1)]
}

[sub_resource type="AnimationLibrary" id="AnimationLibrary_lftie"]
_data = {
"Hide": SubResource("Animation_xcdky"),
"Show": SubResource("Animation_5ge5y")
}

[node name="HintDisplay" type="Control"]
visible = false
layout_mode = 3
anchors_preset = 15
anchor_right = 1.0
anchor_bottom = 1.0
grow_horizontal = 2
grow_vertical = 2
script = ExtResource("1_04oub")

[node name="Origin" type="Control" parent="."]
layout_mode = 1
anchors_preset = 1
anchor_left = 1.0
anchor_right = 1.0
offset_left = -312.0
offset_top = 24.0
offset_right = -312.0
offset_bottom = 24.0
grow_horizontal = 0

[node name="BlurBackground" type="Panel" parent="Origin"]
material = SubResource("ShaderMaterial_28xxp")
layout_mode = 1
anchors_preset = 1
anchor_left = 1.0
anchor_right = 1.0
offset_right = 288.0
offset_bottom = 120.0
grow_horizontal = 0
scale = Vector2(0.9, 0.9)
pivot_offset = Vector2(144, 60)
theme_override_styles/panel = SubResource("StyleBoxFlat_slusa")

[node name="Panel" type="Panel" parent="Origin"]
modulate = Color(1, 1, 1, 0)
layout_mode = 1
anchors_preset = 1
anchor_left = 1.0
anchor_right = 1.0
offset_right = 288.0
offset_bottom = 120.0
grow_horizontal = 0
scale = Vector2(0.9, 0.9)
pivot_offset = Vector2(144, 60)
theme_override_styles/panel = SubResource("StyleBoxFlat_slusa")

[node name="TextureRect" type="TextureRect" parent="Origin/Panel"]
layout_mode = 0
offset_left = 8.0
offset_top = 8.0
offset_right = 48.0
offset_bottom = 48.0
pivot_offset = Vector2(20, 20)
texture = ExtResource("3_57iuq")
expand_mode = 1

[node name="Message" type="Label" parent="Origin/Panel"]
layout_mode = 1
anchors_preset = 15
anchor_right = 1.0
anchor_bottom = 1.0
offset_left = 56.0
offset_top = 8.0
offset_right = -8.0
offset_bottom = -24.0
grow_horizontal = 2
grow_vertical = 2
theme_override_constants/outline_size = 1
theme_override_font_sizes/font_size = 14
text = "The FitnessGram Pacer Test is a multistage aerobic capacity test that progressively gets more difficult as it continues."
autowrap_mode = 2

[node name="CloseLabel" type="Label" parent="Origin/Panel"]
modulate = Color(0.639216, 0.639216, 0.639216, 1)
layout_mode = 1
anchors_preset = 7
anchor_left = 0.5
anchor_top = 1.0
anchor_right = 0.5
anchor_bottom = 1.0
offset_left = -104.0
offset_top = -24.0
offset_right = 104.0
grow_horizontal = 2
grow_vertical = 0
theme_override_font_sizes/font_size = 10
text = "Press X to close"
horizontal_alignment = 1
vertical_alignment = 1

[node name="Animation" type="AnimationPlayer" parent="."]
libraries = {
"": SubResource("AnimationLibrary_lftie")
}
