[gd_scene load_steps=18 format=3 uid="uid://bx8pd5ntgxtwt"]

[ext_resource type="Script" path="res://Scenes/WorldObjects/Orb/Orb.cs" id="1_4a64a"]
[ext_resource type="Shader" path="res://Scenes/WorldObjects/Orb/Orb.gdshader" id="1_cluml"]

[sub_resource type="FastNoiseLite" id="FastNoiseLite_6tp31"]
seed = 10
fractal_type = 0

[sub_resource type="NoiseTexture2D" id="NoiseTexture2D_hsfsq"]
width = 256
height = 256
seamless = true
noise = SubResource("FastNoiseLite_6tp31")

[sub_resource type="Gradient" id="Gradient_45q5v"]
offsets = PackedFloat32Array(0.205882, 0.573529)
colors = PackedColorArray(0, 0, 0, 0, 1, 0.882353, 0.698039, 0.509804)

[sub_resource type="FastNoiseLite" id="FastNoiseLite_wbho1"]
noise_type = 0
seed = 4
fractal_type = 3

[sub_resource type="NoiseTexture2D" id="NoiseTexture2D_umvtc"]
invert = true
seamless = true
color_ramp = SubResource("Gradient_45q5v")
noise = SubResource("FastNoiseLite_wbho1")

[sub_resource type="Gradient" id="Gradient_f75tq"]
offsets = PackedFloat32Array(0.411765, 0.529412, 0.720588, 0.801471)
colors = PackedColorArray(0.171982, 0.303737, 1, 1, 0.263031, 0.136763, 1, 1, 0, 0.619134, 1, 1, 0.121399, 0.396501, 1, 1)

[sub_resource type="FastNoiseLite" id="FastNoiseLite_l6s2p"]
noise_type = 0
fractal_type = 0

[sub_resource type="NoiseTexture2D" id="NoiseTexture2D_h0enm"]
width = 1024
height = 1024
seamless = true
color_ramp = SubResource("Gradient_f75tq")
noise = SubResource("FastNoiseLite_l6s2p")

[sub_resource type="FastNoiseLite" id="FastNoiseLite_yamlb"]
noise_type = 0
seed = 1
fractal_type = 0

[sub_resource type="NoiseTexture2D" id="NoiseTexture2D_vlupk"]
width = 1024
height = 1024
seamless = true
color_ramp = SubResource("Gradient_f75tq")
noise = SubResource("FastNoiseLite_yamlb")

[sub_resource type="ShaderMaterial" id="ShaderMaterial_ttgs0"]
render_priority = 0
shader = ExtResource("1_cluml")
shader_parameter/Speed = 0.0
shader_parameter/NoiseUnder1 = SubResource("NoiseTexture2D_h0enm")
shader_parameter/NoiseUnder2 = SubResource("NoiseTexture2D_vlupk")
shader_parameter/NoiseOver = SubResource("NoiseTexture2D_umvtc")
shader_parameter/DistortionNoise = SubResource("NoiseTexture2D_hsfsq")

[sub_resource type="SphereMesh" id="SphereMesh_rryfa"]

[sub_resource type="SphereShape3D" id="SphereShape3D_qmonp"]

[sub_resource type="Animation" id="Animation_ge1r1"]
resource_name = "Bob"
length = 4.0
loop_mode = 1
tracks/0/type = "value"
tracks/0/imported = false
tracks/0/enabled = true
tracks/0/path = NodePath(".:position")
tracks/0/interp = 2
tracks/0/loop_wrap = true
tracks/0/keys = {
"times": PackedFloat32Array(0, 2, 4),
"transitions": PackedFloat32Array(1, 1, 1),
"update": 0,
"values": [Vector3(0, 0, 0), Vector3(0, 0.5, 0), Vector3(0, 0, 0)]
}

[sub_resource type="AnimationLibrary" id="AnimationLibrary_uwmib"]
_data = {
"Bob": SubResource("Animation_ge1r1")
}

[node name="Orb" type="Node3D"]

[node name="Area3D" type="Area3D" parent="."]
collision_layer = 4
collision_mask = 5
script = ExtResource("1_4a64a")

[node name="Mesh" type="MeshInstance3D" parent="Area3D"]
material_override = SubResource("ShaderMaterial_ttgs0")
mesh = SubResource("SphereMesh_rryfa")
skeleton = NodePath("")

[node name="CollisionShape3D" type="CollisionShape3D" parent="Area3D"]
shape = SubResource("SphereShape3D_qmonp")

[node name="OmniLight3D" type="OmniLight3D" parent="Area3D"]
light_color = Color(1, 0.168627, 1, 1)
light_energy = 5.0

[node name="Animation" type="AnimationPlayer" parent="Area3D"]
libraries = {
"": SubResource("AnimationLibrary_uwmib")
}

[connection signal="body_entered" from="Area3D" to="Area3D" method="OnEnter"]
