[gd_scene load_steps=14 format=3 uid="uid://c6j2ihm8jaef5"]

[ext_resource type="Script" path="res://Scenes/Train/Train.cs" id="1_5ds2e"]
[ext_resource type="PackedScene" uid="uid://f8xjqllpt22t" path="res://Scenes/WorldObjects/Door/Door.tscn" id="2_b0lqt"]
[ext_resource type="PackedScene" uid="uid://dj5sw108gxufx" path="res://Scenes/WorldObjects/ChargingStation/ChargingStation.tscn" id="3_kj8rr"]
[ext_resource type="PackedScene" uid="uid://falyx1wra67b" path="res://Scenes/Train/TrainModel.tscn" id="3_mwm80"]
[ext_resource type="Script" path="res://Scenes/Train/TrainCarriage.cs" id="6_gvovl"]

[sub_resource type="BoxShape3D" id="BoxShape3D_jjfna"]
size = Vector3(30, 0.2, 4)

[sub_resource type="BoxShape3D" id="BoxShape3D_hyiy6"]
size = Vector3(0.2, 4, 4)

[sub_resource type="StandardMaterial3D" id="StandardMaterial3D_hhfgd"]

[sub_resource type="BoxMesh" id="BoxMesh_uafwo"]
material = SubResource("StandardMaterial3D_hhfgd")
size = Vector3(5, 0.1, 3)

[sub_resource type="StandardMaterial3D" id="StandardMaterial3D_wed15"]

[sub_resource type="BoxMesh" id="BoxMesh_3eidw"]
material = SubResource("StandardMaterial3D_wed15")
size = Vector3(5, 0.1, 3)

[sub_resource type="FogMaterial" id="FogMaterial_12gdf"]
density = 0.08
edge_fade = 1e-05

[sub_resource type="BoxShape3D" id="BoxShape3D_3bxeb"]
size = Vector3(15, 4, 4)

[node name="Train" type="StaticBody3D"]
collision_layer = 2
script = ExtResource("1_5ds2e")

[node name="FloorCollider" type="CollisionShape3D" parent="."]
transform = Transform3D(1, 0, 0, 0, 1, 0, 0, 0, 1, 7, -0.1, -1)
shape = SubResource("BoxShape3D_jjfna")

[node name="CeilingCollider" type="CollisionShape3D" parent="."]
transform = Transform3D(1, 0, 0, 0, 1, 0, 0, 0, 1, 7, 3.3, -1)
shape = SubResource("BoxShape3D_jjfna")

[node name="FrontCollider" type="CollisionShape3D" parent="."]
transform = Transform3D(1, 0, 0, 0, 1, 0, 0, 0, 1, -7, 1.4, -1)
shape = SubResource("BoxShape3D_hyiy6")

[node name="FrontCollider2" type="CollisionShape3D" parent="."]
transform = Transform3D(1, 0, 0, 0, 1, 0, 0, 0, 1, 21.5, 1.4, -1)
shape = SubResource("BoxShape3D_hyiy6")

[node name="Left" parent="." instance=ExtResource("3_mwm80")]
transform = Transform3D(0.5, 0, 0, 0, 0.5, 0, 0, 0, 0.5, 0, 1.65, 0)

[node name="Right" parent="." instance=ExtResource("3_mwm80")]
transform = Transform3D(-0.5, 0, 4.37114e-08, 0, 0.5, 0, -4.37114e-08, 0, -0.5, 0, 1.65, -1.97)

[node name="FrontDoor" type="MeshInstance3D" parent="Right"]
transform = Transform3D(-1.31134e-07, -1, -8.74228e-08, -1, 1.31134e-07, 0, 1.14641e-14, 8.74228e-08, -1, 14.1791, -0.9, -1.94)
mesh = SubResource("BoxMesh_uafwo")
skeleton = NodePath("")

[node name="LeftBack" parent="." instance=ExtResource("3_mwm80")]
transform = Transform3D(0.5, 0, 0, 0, 0.5, 0, 0, 0, 0.5, 14.25, 1.65, 0)

[node name="RightBack" parent="." instance=ExtResource("3_mwm80")]
transform = Transform3D(-0.5, 0, 4.37114e-08, 0, 0.5, 0, -4.37114e-08, 0, -0.5, 14.25, 1.65, -1.97)

[node name="BackDoor" type="MeshInstance3D" parent="RightBack"]
transform = Transform3D(4.37114e-08, 1, -8.74228e-08, 1, -4.37114e-08, 0, -3.82137e-15, -8.74228e-08, -1, -14.1209, -0.9, -1.94)
mesh = SubResource("BoxMesh_3eidw")
skeleton = NodePath("")

[node name="Door" parent="." instance=ExtResource("2_b0lqt")]
transform = Transform3D(1, 0, 0, 0, 1, 0, 0, 0, 1, 7.12272, 0, -1)

[node name="FogVolume" type="FogVolume" parent="."]
transform = Transform3D(1, 0, 0, 0, 1, 0, 0, 0, 1, 7.1, 1.7, -1)
size = Vector3(29, 3.6, 4)
material = SubResource("FogMaterial_12gdf")

[node name="ChargingStation" parent="." instance=ExtResource("3_kj8rr")]
transform = Transform3D(1, 0, 1.74846e-07, 0, 1, 0, -1.74846e-07, 0, 1, 19.7, 1, -1)

[node name="ChargingStation2" parent="." instance=ExtResource("3_kj8rr")]
transform = Transform3D(-1, 0, -8.74228e-08, 0, 1, 0, 8.74228e-08, 0, -1, -5.43961, 1, -1)

[node name="ReflectionProbe" type="ReflectionProbe" parent="."]
transform = Transform3D(1, 0, 0, 0, 1, 0, 0, 0, 1, 0, 1.5, -0.979755)
size = Vector3(14, 4, 4)
box_projection = true
interior = true
cull_mask = 1048573
ambient_mode = 0

[node name="ReflectionProbe2" type="ReflectionProbe" parent="."]
transform = Transform3D(1, 0, 0, 0, 1, 0, 0, 0, 1, 14.2526, 1.5, -0.977953)
size = Vector3(14.6318, 4, 4)
box_projection = true
interior = true
cull_mask = 1048573
ambient_mode = 0

[node name="Carriage0" type="Area3D" parent="."]
script = ExtResource("6_gvovl")

[node name="CollisionShape3D" type="CollisionShape3D" parent="Carriage0"]
transform = Transform3D(1, 0, 0, 0, 1, 0, 0, 0, 1, -0.2, 1.6, -1)
shape = SubResource("BoxShape3D_3bxeb")

[node name="Carriage1" type="Area3D" parent="."]
transform = Transform3D(1, 0, 0, 0, 1, 0, 0, 0, 1, 15, 0, 0)
script = ExtResource("6_gvovl")
Number = 1

[node name="CollisionShape3D2" type="CollisionShape3D" parent="Carriage1"]
transform = Transform3D(1, 0, 0, 0, 1, 0, 0, 0, 1, -0.2, 1.8, -1.1)
shape = SubResource("BoxShape3D_3bxeb")

[connection signal="DoorsOpen" from="." to="Right" method="OpenDoors"]
[connection signal="DoorsOpen" from="." to="RightBack" method="OpenDoors"]
[connection signal="body_entered" from="Carriage0" to="Carriage0" method="OnEnter"]
[connection signal="body_entered" from="Carriage1" to="Carriage1" method="OnEnter"]
