[gd_scene load_steps=21 format=3 uid="uid://bndcwtv3xtw80"]

[ext_resource type="Script" path="res://Scenes/UI/UI.cs" id="1_u6vjt"]
[ext_resource type="Script" path="res://Scenes/UI/BatteryCharge.cs" id="2_123a0"]
[ext_resource type="Shader" path="res://Scenes/UI/BlurMaterial.gdshader" id="3_gm4ks"]
[ext_resource type="Texture2D" uid="uid://d0wdjnlt1uobv" path="res://Assets/Icons/Stats/flashlight_off.svg" id="4_ubqmn"]
[ext_resource type="Script" path="res://Scenes/UI/UIBar.cs" id="5_2jotx"]
[ext_resource type="Script" path="res://Scenes/UI/ClockUI.cs" id="6_2g60a"]
[ext_resource type="Texture2D" uid="uid://cs7qoucmk0nne" path="res://Assets/Icons/ProgressBar/default.svg" id="6_e1vbt"]
[ext_resource type="Texture2D" uid="uid://6fviiry3qmt6" path="res://Assets/Icons/Stats/sanity.svg" id="6_gaap1"]
[ext_resource type="Script" path="res://Scenes/UI/FPSCounter.cs" id="6_kf2qp"]
[ext_resource type="Texture2D" uid="uid://b3kbmq1m5017u" path="res://Assets/Icons/Stats/sprint.svg" id="6_yddtm"]
[ext_resource type="Texture2D" uid="uid://wjkuhp2hg2ni" path="res://Assets/Icons/ProgressBar/complete.svg" id="7_u3ia6"]
[ext_resource type="FontFile" uid="uid://dxj3sjv2wr8ui" path="res://Assets/Fonts/Eirian-WyRpA.ttf" id="8_gvws2"]

[sub_resource type="ShaderMaterial" id="ShaderMaterial_15ett"]
shader = ExtResource("3_gm4ks")
shader_parameter/strength = 2.0

[sub_resource type="StyleBoxFlat" id="StyleBoxFlat_nxr0o"]
bg_color = Color(0, 0, 0, 0)
corner_radius_top_left = 10
corner_radius_top_right = 10
corner_radius_bottom_right = 10
corner_radius_bottom_left = 10

[sub_resource type="StyleBoxFlat" id="StyleBoxFlat_7wser"]
bg_color = Color(0.133333, 0.133333, 0.133333, 0.392157)
corner_radius_top_left = 10
corner_radius_top_right = 10
corner_radius_bottom_right = 10
corner_radius_bottom_left = 10

[sub_resource type="StyleBoxFlat" id="StyleBoxFlat_gl7ff"]
bg_color = Color(0.156863, 0.188235, 0.596078, 0.392157)
corner_radius_top_left = 10
corner_radius_top_right = 10
corner_radius_bottom_right = 10
corner_radius_bottom_left = 10

[sub_resource type="StyleBoxFlat" id="StyleBoxFlat_8esyg"]
bg_color = Color(0.921569, 0, 0.196078, 0.392157)
corner_radius_top_left = 10
corner_radius_top_right = 10
corner_radius_bottom_right = 10
corner_radius_bottom_left = 10

[sub_resource type="StyleBoxFlat" id="StyleBoxFlat_1ffig"]
bg_color = Color(0.0745098, 0.596078, 0.223529, 0.392157)
corner_radius_top_left = 10
corner_radius_top_right = 10
corner_radius_bottom_right = 10
corner_radius_bottom_left = 10

[sub_resource type="Animation" id="Animation_dugit"]
resource_name = "Show"
tracks/0/type = "value"
tracks/0/imported = false
tracks/0/enabled = true
tracks/0/path = NodePath(".:scale")
tracks/0/interp = 1
tracks/0/loop_wrap = true
tracks/0/keys = {
"times": PackedFloat32Array(0, 1),
"transitions": PackedFloat32Array(0.5, 1),
"update": 0,
"values": [Vector2(1.5, 1.5), Vector2(1, 1)]
}

[sub_resource type="AnimationLibrary" id="AnimationLibrary_1jfgr"]
_data = {
"Show": SubResource("Animation_dugit")
}

[node name="UI" type="Control"]
layout_mode = 3
anchors_preset = 15
anchor_right = 1.0
anchor_bottom = 1.0
grow_horizontal = 2
grow_vertical = 2
pivot_offset = Vector2(576, 324)
script = ExtResource("1_u6vjt")

[node name="BatteryCharge" type="Control" parent="."]
layout_mode = 1
anchors_preset = 2
anchor_top = 1.0
anchor_bottom = 1.0
offset_left = 24.0
offset_top = -40.0
offset_right = 296.0
offset_bottom = -24.0
grow_vertical = 0
script = ExtResource("2_123a0")

[node name="Panel" type="Panel" parent="BatteryCharge"]
material = SubResource("ShaderMaterial_15ett")
layout_mode = 0
anchor_right = 1.0
anchor_bottom = 1.0
grow_horizontal = 2
grow_vertical = 2
theme_override_styles/panel = SubResource("StyleBoxFlat_nxr0o")

[node name="ProgressBar" type="ProgressBar" parent="BatteryCharge"]
layout_mode = 0
anchor_right = 1.0
anchor_bottom = 1.0
grow_horizontal = 2
grow_vertical = 2
theme_override_styles/background = SubResource("StyleBoxFlat_7wser")
theme_override_styles/fill = SubResource("StyleBoxFlat_gl7ff")
value = 100.0
show_percentage = false

[node name="Label" type="Label" parent="BatteryCharge/ProgressBar"]
layout_mode = 0
anchor_left = 0.5
anchor_top = 0.5
anchor_right = 0.5
anchor_bottom = 0.5
offset_left = -48.0
offset_top = -13.0
offset_right = 48.0
offset_bottom = 13.0
grow_horizontal = 2
grow_vertical = 2
text = "100%"
horizontal_alignment = 1
vertical_alignment = 1

[node name="VisibilityTimer" type="Timer" parent="BatteryCharge"]
one_shot = true
autostart = true

[node name="FlashLightIcon" type="TextureRect" parent="BatteryCharge"]
layout_mode = 0
anchor_left = 1.0
anchor_right = 1.0
anchor_bottom = 1.0
offset_left = 8.0
offset_right = 24.0
grow_horizontal = 0
grow_vertical = 2
texture = ExtResource("4_ubqmn")
expand_mode = 1

[node name="SanityBar" type="Control" parent="."]
layout_mode = 1
anchors_preset = 2
anchor_top = 1.0
anchor_bottom = 1.0
offset_left = 24.0
offset_top = -64.0
offset_right = 296.0
offset_bottom = -48.0
grow_vertical = 0
script = ExtResource("5_2jotx")

[node name="Panel" type="Panel" parent="SanityBar"]
material = SubResource("ShaderMaterial_15ett")
layout_mode = 1
anchors_preset = -1
anchor_right = 1.0
anchor_bottom = 1.0
theme_override_styles/panel = SubResource("StyleBoxFlat_nxr0o")

[node name="ProgressBar" type="ProgressBar" parent="SanityBar"]
layout_mode = 1
anchors_preset = -1
anchor_right = 1.0
anchor_bottom = 1.0
theme_override_styles/background = SubResource("StyleBoxFlat_7wser")
theme_override_styles/fill = SubResource("StyleBoxFlat_8esyg")
value = 100.0
show_percentage = false

[node name="Label" type="Label" parent="SanityBar/ProgressBar"]
layout_mode = 0
anchor_left = 0.5
anchor_top = 0.5
anchor_right = 0.5
anchor_bottom = 0.5
offset_left = -48.0
offset_top = -13.0
offset_right = 48.0
offset_bottom = 13.0
grow_horizontal = 2
grow_vertical = 2
text = "100%"
horizontal_alignment = 1
vertical_alignment = 1

[node name="VisibilityTimer" type="Timer" parent="SanityBar"]
one_shot = true
autostart = true

[node name="TextureRect" type="TextureRect" parent="SanityBar"]
layout_mode = 1
anchors_preset = 11
anchor_left = 1.0
anchor_right = 1.0
anchor_bottom = 1.0
offset_left = 8.0
offset_right = 24.0
grow_horizontal = 0
grow_vertical = 2
texture = ExtResource("6_gaap1")
expand_mode = 1

[node name="StaminaBar" type="Control" parent="."]
layout_mode = 1
anchors_preset = 2
anchor_top = 1.0
anchor_bottom = 1.0
offset_left = 24.0
offset_top = -88.0
offset_right = 296.0
offset_bottom = -72.0
grow_vertical = 0
script = ExtResource("5_2jotx")
DefaultColor = Color(0.0745098, 0.596078, 0.223529, 0.392157)
WarningColor = Color(0.596078, 0.356863, 0.0392157, 0.392157)

[node name="Panel" type="Panel" parent="StaminaBar"]
material = SubResource("ShaderMaterial_15ett")
layout_mode = 1
anchors_preset = -1
anchor_right = 1.0
anchor_bottom = 1.0
theme_override_styles/panel = SubResource("StyleBoxFlat_nxr0o")

[node name="ProgressBar" type="ProgressBar" parent="StaminaBar"]
layout_mode = 1
anchors_preset = -1
anchor_right = 1.0
anchor_bottom = 1.0
theme_override_styles/background = SubResource("StyleBoxFlat_7wser")
theme_override_styles/fill = SubResource("StyleBoxFlat_1ffig")
value = 100.0
show_percentage = false

[node name="VisibilityTimer" type="Timer" parent="StaminaBar"]
one_shot = true
autostart = true

[node name="TextureRect" type="TextureRect" parent="StaminaBar"]
layout_mode = 1
anchors_preset = 11
anchor_left = 1.0
anchor_right = 1.0
anchor_bottom = 1.0
offset_left = 8.0
offset_right = 24.0
grow_horizontal = 0
grow_vertical = 2
texture = ExtResource("6_yddtm")
expand_mode = 1

[node name="Clock" type="Label" parent="."]
layout_mode = 0
anchor_left = 1.0
anchor_top = 1.0
anchor_right = 1.0
anchor_bottom = 1.0
offset_left = -256.0
offset_top = -112.0
offset_right = -24.0
offset_bottom = -8.0
grow_horizontal = 0
grow_vertical = 0
theme_override_colors/font_color = Color(0.168627, 0.188235, 0.631373, 0.392157)
theme_override_fonts/font = ExtResource("8_gvws2")
theme_override_font_sizes/font_size = 72
text = "10:00"
horizontal_alignment = 2
vertical_alignment = 2
script = ExtResource("6_2g60a")
InitialTime = 8

[node name="ClockDelay" type="Control" parent="."]
process_mode = 4
visible = false
layout_mode = 1
anchors_preset = 15
anchor_right = 1.0
anchor_bottom = 1.0
grow_horizontal = 2
grow_vertical = 2

[node name="LoadingBar" type="TextureProgressBar" parent="ClockDelay"]
modulate = Color(1, 1, 1, 0)
layout_mode = 0
anchor_left = 1.0
anchor_top = 1.0
anchor_right = 1.0
anchor_bottom = 1.0
offset_left = -144.0
offset_top = -112.0
offset_right = -40.0
offset_bottom = -8.0
grow_horizontal = 0
grow_vertical = 0
value = 100.0
fill_mode = 4
texture_under = ExtResource("6_e1vbt")
texture_progress = ExtResource("7_u3ia6")

[node name="FPSCounter" type="Label" parent="."]
layout_mode = 0
offset_left = 16.0
offset_top = 16.0
offset_right = 88.0
offset_bottom = 48.0
text = "69 FPS"
script = ExtResource("6_kf2qp")

[node name="UpdateTimer" type="Timer" parent="FPSCounter"]

[node name="Animation" type="AnimationPlayer" parent="."]
libraries = {
"": SubResource("AnimationLibrary_1jfgr")
}

[connection signal="timeout" from="BatteryCharge/VisibilityTimer" to="BatteryCharge" method="FadeOut"]
[connection signal="timeout" from="SanityBar/VisibilityTimer" to="SanityBar" method="FadeOut"]
[connection signal="timeout" from="StaminaBar/VisibilityTimer" to="StaminaBar" method="FadeOut"]
[connection signal="timeout" from="FPSCounter/UpdateTimer" to="FPSCounter" method="Update"]
